@book{AhlforsCA,
	Author = {Lars V. Ahlfors},
	Publisher = {McGraw-Hill},
	Title = {Complex Analysis},
	Year = {1979}}
	
@book{ApostolMFADSINT,
	Author = {Tom Apostol},
	Publisher = {Springer},
	Title = {Modular Functions and Dirichlet Series in Number Theory},
	Year = {1990}}	
	
@book{AtiyahITCA,
	Author = {M.F. Atiyah and I.G. Macdonald},
	Publisher = {Avalon Publishing},
	Title = {Introduction to Commutative Algebra},
	Year = {1994}}

@article{AtkinLehnerHOOG,
        Author = {A.O.L. Atkin and J. Lehner},
	Journal = {Mathematische Annalen},
	Title = {Hecke Operators on $\Gamma_0(N)$},
	Year = {1970},
	Pages = {185:134-160}}

@book{BumpAFAR,
	Author = {Daniel Bump},
	Publisher = {Cambridge University Press},
	Title = {Automorphic Forms and Representations},
	Year = {1998}}

@book{CornellMFAFLT,
  title={Modular Forms and Fermat’s Last Theorem},
  author={Gary Cornell,Joseph H. Silverman, Glenn Stevens},
  year={1997},
  publisher={Springer New York}
}

@book{Cremona,
  title={Algorithms for Modular Elliptic Curves},
  author={J. Cremona},
  year={1997},
  publisher={Springer New York}
}

@book{DeligneFMERLA,
	Author = {Pierre Deligne},
	Publisher = {Springer},
	Title = {Formes modulaires et repr\'esentations $\l-$adiques},
	note = {en ``Lecture Notes in Math'', volumen 179, p\'aginas 139-172},
	Year = {1971}}
	
@article{DeligneSerreFMDP1,
	Author = {Pierre Deligne and Jean-Pierre Serre},
	Journal = {Annales scientifiques de L'\'E.N.S.},
	Title = {Formes modulaires de poids 1},
	Year = {1974},
	Pages = {507-530}}

@book{DiamondShurmanAFCIMF,
	Author = {Fred Diamond and Jerry Shurman},
	Publisher = {Springer},
	Title = {A First Course in Modular Forms},
	Year = {2005}}

@book{EisenbudCAWAVTAG,
	Author = {David Eisenbud},
	Publisher = {Springer},
	Title = {Commutative Algebra with a View Toward Algebraic Geometry},
	Year = {2004}}
	
@article{EulerDSSR,
	Author = {Leonhard Euler},
	Journal = {Commentarii academiae scientiarum Petropolitanae 7},
	Title = {De summis serierum reciprocarum},
	Year = {1740},
	Pages = {123-134}}

@book{Fricke,
     author = {Robert Fricke},
     title = {Die Elliptischen Funktionen Und Ihere Anwendungen},
     publisher = {Leipzig, Berlin, B.G. Teubner},
     year = {1922},
     url = {https://archive.org/details/elliptischenfun02ricrich/}}

@book{FultonAC,
  title={Algebraic Curves: an Introduction to Algebraic Geometry},
  author={Fulton, W.},
  year={2008},
  publisher={Addison-Wesley Pub. Co.}
}

@book{GelbartTL,
     author = {Stephen Gelbart},
     title = {Three Lectures on the Modularity of $\rhot$ and the Langlands Reciprocity Conjecture},
     publisher = {Springer},
     year = {1997},
     note = {en ``Modular Forms and Fermat's Last Theorem'' editado por Cornell, Silverman y Stevens}}

@book{HartshorneAG,
	Author = {Robin Hartshorne},
	Publisher = {Springer},
	Title = {Algebraic Geometry},
	Year = {1977}}

@book{IrelandRosenACITMNT,
	Author = {Kenneth Ireland and Michael Rosen},
	Publisher = {Springer},
	Title = {A Classical Introduction to Modern Number Theory},
	Year = {1990}}

@article{Kummer1836,
	Author = {Ernst E. Kummer},
	Journal = {Journal für die reine und angewandte Mathematik},
	Title = {Über die hypergeometrische Reihe ... .},
	url = {http://eudml.org/doc/146951},
	Pages = {39-83},
	volume = {15},
	Year = {1836}}

@book{LangA,
  title={Algebra},
  author={Lang, S.},
  series={Graduate Texts in Mathematics},
  year={2005},
  publisher={Springer New York}
}

@book{LanglandsBCFGL,
        title = {Base Change for GL(2)},
        author = {Robert P. Langlands},
        series = {Annals of Mathematics Studies},
        year = {1980},
        publisher = {Princeton University Press}}

@book{LigozatCMDG1,
        author = {Ligozat, G\'erard},
        title = {Courbes modulaires de genre 1},
        series = {M\'emoires de la Soci\'et\'e Math\'ematique de France},
        publisher = {Soci\'et\'e math\'ematique de France},
        number = {43},
        year = {1975},
        url = {http://www.numdam.org/item/MSMF_1975__43__5_0}}

@article{Lutz,
author = {Lutz, Elisabeth},
journal = {Journal für die reine und angewandte Mathematik},
keywords = {Number theory},
pages = {238-247},
title = {Sur l'\'equation $y^2 = x^3 - Ax - B$ dans les corps $p-$adiques.},
url = {http://eudml.org/doc/150016},
volume = {177},
year = {1937},
}

@book{MatsumuraCA,
  title={Commutative Algebra},
  author={Matsumura, H.},
  series={Mathematics lecture note series},
  year={1970},
  publisher={Benjamin}
}



@book{MilneMFAMF,
	Author = {J.S. Milne},
	note = {Disponible en www.jmilne.org/math/},
	Title = {Modular Functions and Modular Forms},
	Year = {2017}}

@book{MiyakeMF,
	Author = {Toshitsune Miyake},
	Publisher = {Springer},
	Title = {Modular Forms},
	Year = {1989}}

@article{Nagell,
author = {Nagell, Trygve},
journal = {Wid. Akad. Skrifter Oslo I},
title = {Solution de quelques probl$\grave{e}$mes dans la the\'eorie arithme\'etique des cubiques Nagell planes du premier genre},
year = {1935},
}

@book{NeukirchANT,
	Author = {J\"urgen Neukirch},
	Publisher = {Springer},
	Title = {Algebraic Number Theory},
	Year = {1999}}

@article{NewmanCAAOACOMFII,
	Author = {Morris Newman},
	Journal = {Proc. London Math. Soc.},
	Title = {Construction and Application of a Class of Modular Functions II},
	Year = {1958},
	Pages = {373-387}}
	
@article{NewmanCAAOACOMFI,
	Author = {Morris Newman},
	Journal = {Proc. London Math. Soc.},
	Title = {Construction and Application of a Class of Modular Functions I},
	Year = {1956},
	Pages = {334-350}}

@book{PinksyITFAAW,
        Author = {Mark A. Pinsky},
	Publisher = {American Mathematical Society},
	Title = {Introduction to Fourier Analysis and Wavelets},
	Year = {2002}}

@book{RotmanAITTTOG,
	Author = {Joseph J. Rotman},
	Publisher = {Springer},
	Title = {An Introduction to the Theory of Groups},
	Year = {1995}}

@book{SaitoFLTBT,
	Author = {Takeshi Saito},
	Publisher = {American Mathematical Society},
	Title = {Fermat's Last Theorem: Basic Tools},
	Year = {2013}}

@book{SaitoFLTTP,
	Author = {Takeshi Saito},
	Publisher = {American Mathematical Society},
	Title = {Fermat's Last Theorem: The Proof},
	Year = {2013}}

@book{SaitoNumberTheory2,
	Author = {Kazuya Kato and Nobushige Kurokawa and Takeshi Saito},
	Publisher = {American Mathematical Society},
	Title = {Number Theory 2: An introduction to Class Field Theory},
	Year = {2011}}

@book{SerreGAECDC,
	Author = {Jean-Pierre Serre},
	Publisher = {Hermann Paris},
	Title = {Groupes algébriques et corps de classes},
	Year = {1959}}

@book{SerreLROFG,
	Author = {Jean-Pierre Serre},
	Publisher = {Springer},
	Title = {Linear Representations of Finite Groups},
	Year = {1977}}

@book{SerreACIA,
	Author = {Jean-Pierre Serre},
	Publisher = {Springer},
	Title = {A Course in Arithmetic},
	Year = {1973}}

@book{SerreMFOW1AGR,
	Author = {Jean-Pierre Serre},
	Publisher = {Academic Press},
	Title = {Modular Forms of Weight 1 and Galois Representations},
	note = {en ``Algebraic Number Fields'', editado por A. Fr\"olich},
	Year = {1977}}

@book{ShafarevichNT,
	Author = {Z.I. Borevich and I.R. Shafarevich},
	Publisher = {Academic Press},
	Title = {Number Theory},
	Year = {1966}}

@book{ShimuraITTATOAF,
	Author = {Goro Shimura},
	Publisher = {Springer},
	Title = {Introduction to the Arithmetic Theory of Automorphics Functions},
	Year = {1994}}

@book{ShimuraMFBAB,
	Author = {Goro Shimura},
	Publisher = {Springer},
	Title = {Modular Forms: Basics and Beyond},
	Year = {2012}}

@book{SilvermanTAOEC,
	Author = {Joseph H. Silverman},
	Publisher = {Springer},
	Title = {The Arithmetic of Elliptic Curves},
	Year = {2009}}
	
@book{SilvermanTateRPOEC,
	Author = {Joseph H. Silverman and John T. Tate},
	Publisher = {Springer},
	Title = {Rational Points on Elliptic Curves},
	Year = {2009}}

@book{SteinFA,
	Author = {Elias M. Stein and Rami Shakarchi},
	Publisher = {Princeton University Press},
	Title = {Fourier Analysis},
	Year = {2002}}

@book{TricomiFHC,
	Author = {Tricomi, F. G.},
	Publisher = {Gauthier-Villars},
	Title = {Fonctions hyperg\'eom\'etriques confluentes},
	Year = {1960}}

@article{TunnellACFROOT,
	Author = {Jerrold Tunnell},
	Journal = {Bulletin of the American Mathematical Society},
	Title = {Artin's Conjecture for representations of octahedral type},
	url = {https://projecteuclid.org/euclid.bams/1183548294},
	Pages = {173-175},
	volume = {5},
	Year = {1981}}

@article{VeluIECE,
	Author = {Jaques Vélu},
	Journal = {C. R. Acad. Sci. Paris},
	Title = {Isogénies entre courbes elliptiques},
	Pages = {A238-A241},
	volume = {273},
	Year = {1971}}

@article{Wiles,
	Author = {Andrew Wiles},
	Journal = {Annals of Mathematics},
	Title = {Modular Elliptic Curves and Fermat's Last Theorem},
	Pages = {443-551},
	volume = {141},
	Year = {1995}}